<record><leader>00000cas a22000007a 4500</leader><controlfield tag="001">14234116</controlfield><controlfield tag="008">860918d19211928paudn ne      0    0eng d</controlfield><datafield ind1=" " ind2=" " tag="010"><subfield code="a">sn 86083356 </subfield></datafield><datafield ind1=" " ind2=" " tag="040"><subfield code="a">NPH</subfield><subfield code="b">eng</subfield><subfield code="c">NPH</subfield><subfield code="d">NPX</subfield><subfield code="d">NPH</subfield><subfield code="d">OCLCQ</subfield></datafield><datafield ind1=" " ind2=" " tag="042"><subfield code="a">msc</subfield></datafield><datafield ind1="0" ind2=" " tag="130"><subfield code="a">Beaver Falls tribune (Beaver Falls, Pa. : 1921 : Daily)</subfield></datafield><datafield ind1="1" ind2="0" tag="245"><subfield code="a">Beaver Falls tribune.</subfield></datafield><datafield ind1=" " ind2=" " tag="260"><subfield code="a">Beaver Falls, Pa. :</subfield><subfield code="b">Tribune Print. Co.,</subfield><subfield code="c">1921-1928.</subfield></datafield><datafield ind1=" " ind2=" " tag="300"><subfield code="a">v. :</subfield><subfield code="b">ill.</subfield></datafield><datafield ind1=" " ind2=" " tag="310"><subfield code="a">Daily (except Sun.)</subfield></datafield><datafield ind1="0" ind2=" " tag="362"><subfield code="a">Apr. 1, 1921-Feb. 29, 1928.</subfield></datafield><datafield ind1=" " ind2=" " tag="752"><subfield code="a">United States</subfield><subfield code="b">Pennsylvania</subfield><subfield code="c">Beaver</subfield><subfield code="d">Beaver Falls.</subfield></datafield><datafield ind1="0" ind2="0" tag="780"><subfield code="t">Evening tribune (Beaver Falls, Pa. : 1915)</subfield><subfield code="w">(DLC)sn 86083357</subfield><subfield code="w">(OCoLC)14234081</subfield></datafield><datafield ind1="0" ind2="7" tag="785"><subfield code="t">Daily news (New Brighton, Pa. : 1887)</subfield><subfield code="w">(DLC)sn 86071964</subfield></datafield><datafield ind1="0" ind2="7" tag="785"><subfield code="t">Beaver Falls tribune and the Beaver Valley news</subfield><subfield code="w">(DLC)sn 86083354</subfield><subfield code="w">(OCoLC)14238740</subfield></datafield></record>